<?xml version="1.0" encoding="UTF-8"?><collection xmlns="http://www.loc.gov/MARC21/slim"><record><leader>00592nam--2200193-i-4500</leader><controlfield tag="001">000019650</controlfield><controlfield tag="002">20161230</controlfield><controlfield tag="005">20161230201033</controlfield><controlfield tag="008">060222s1000------------r-----000-0-ger-d</controlfield><datafield ind1=" " ind2=" " tag="041"><subfield code="a">ger</subfield></datafield><datafield ind1=" " ind2=" " tag="080"><subfield code="a">621.039.83(061.3)</subfield></datafield><datafield ind1="1" ind2=" " tag="100"><subfield code="a">Fellinger, G</subfield></datafield><datafield ind1="1" ind2="0" tag="245"><subfield code="a">Radioaktive isotope in klinik und forschung</subfield><subfield code="b">Vortrage am gasteiner internationalen symposion 1954</subfield><subfield code="c">K. fellinger, h. vetter</subfield></datafield><datafield ind1=" " ind2=" " tag="260"><subfield code="a">Munchen-berlin</subfield><subfield code="b">Urban &amp; Schwarzenberg</subfield><subfield code="c">1955</subfield></datafield><datafield ind1=" " ind2=" " tag="300"><subfield code="a">244 P</subfield></datafield><datafield ind1=" " ind2=" " tag="490"><subfield code="a">Sonderbande Zur Strahentherapie</subfield></datafield><datafield ind1="1" ind2=" " tag="700"><subfield code="a">Vetter, H</subfield></datafield><datafield ind1=" " ind2=" " tag="852"><subfield code="a">13074</subfield><subfield code="c">H.H</subfield></datafield><datafield ind1=" " ind2=" " tag="CAT"><subfield code="a">Sys</subfield><subfield code="c">20130328</subfield><subfield code="h">104649</subfield></datafield></record></collection>